<?xml version="1.0" encoding="UTF-8"?><collection xmlns="http://www.loc.gov/MARC21/slim"><record><leader>00412nam--2200133-i-4500</leader><controlfield tag="001">000012717</controlfield><controlfield tag="002">20161230</controlfield><controlfield tag="005">20161230201029</controlfield><controlfield tag="008">060222s1000------------r-----000-0-eng-d</controlfield><datafield ind1=" " ind2=" " tag="080"><subfield code="a">628.39:502.55(0.027)</subfield></datafield><datafield ind1=" " ind2=" " tag="100"><subfield code="a">Rauta, Corneliu Si Carstea, Stelian</subfield></datafield><datafield ind1=" " ind2=" " tag="245"><subfield code="a">Poluarea si protectia mediului inconjurator. probleme - perspective</subfield></datafield><datafield ind1=" " ind2=" " tag="260"><subfield code="a">Bucuresti, Editura Stiintifica Si Encicl.,1979 97 P</subfield></datafield><datafield ind1=" " ind2=" " tag="852"><subfield code="a">46204</subfield></datafield></record></collection>